@online{article:100,
author = {jpallen },
title = {There are no three dimensional numbers},
year = {June 30, 2011},
url = {https://news.ycombinator.com/item?id=2713630},
OPTsubtitle = {•},
OPTtitleaddon = {•},
OPTlanguage = {•},
OPTversion = {•},
OPTnote = {•},
OPTorganization = {•},
OPTdate = {•},
OPTmonth = {•},
OPTaddendum = {•},
OPTpubstate = {•},
OPTurldate = {•},
}
